% This file was created with JabRef 2.4.2.
% Encoding: Cp1252

@INPROCEEDINGS{bib-lable,
  author = {H.T. Kung},
  title = {Why Systolic Architectures?},
  %booktitle = {booktitle},
  year = {1982},
  pages = {37-46},
  bibsource = {http://www.eecs.harvard.edu/~htk/publication/1982-kung-why-systolic-architecture.pdf}
}

@book{NeuralNetwork,
	author = {Simon Haykin},
	title = {Neural Networks: A Comprehensive Foundation},
	year = {2009},
	%pages = {1-17},
	%bibsource = {https://arxiv.org/abs/1704.04760}
}

@book{DeepLearning,
	author = {Charu C. Aggarwal},
	title = {Neural Networks and Deep Learning},
	year = {2018},
	%pages = {1-17},
	%bibsource = {https://arxiv.org/abs/1704.04760}
}


@book{ArtificialIntelligence,
	author = {Stuart J. Russell and Peter Norvig},
	title = {Artificial Intelligence A Modern Approach},
	year = {2010},
	%pages = {1-17},
	%bibsource = {https://arxiv.org/abs/1704.04760}
}

@book{AGuidetoConvolutional,
	author = {Salman Khan, Hossein Rahmani, Syed Afaq Ali Shah, and Mohammed Bennamoun},
	title = {A Guide to Convolutional Neural Networks for Computer Vision},
	year = {2018},
	%pages = {1-17},
	%bibsource = {https://arxiv.org/abs/1704.04760}
}

@article{GoogleTPU,
	author = {Google Tensor Processing Unit},
	title = {In-Datacenter Performance Analysis of a Tensor Processing Unit},
	%booktitle = {booktitle},
	year = {26.06.2017},
	pages = {1-17},
	bibsource = {https://arxiv.org/abs/1704.04760}
}

@article{DesignofSystolicArchitecture,
	author = {Shilpa V,	Suma V Shetty},
	title = {Design of Systolic Architecture Using Evolutionary Computation},
	year = {Mai, 2018},
	pages = {1-17},
	bibsource = {https://www.academia.edu/37030157/Design_of_Systolic_Architecture_Using_Evolutionary_Computation}
}

@article{ConvolutionalNeuralNetwork,
	author = {Roland Becker},
	title = {CONVOLUTIONAL NEURAL NETWORKS â€“ AUFBAU, FUNKTION UND ANWENDUNGSGEBIETE},
	year = {Februar, 2019},
	%pages = {1-17},
	bibsource = {https://jaai.de/convolutional-neural-networks-cnn-aufbau-funktion-und-anwendungsgebiete-1691/}
}

@article{RosenblattsPerceptron,
	author = {Frank Rosenblatt},
	title = {THE PERCEPTRON: A PROBABILISTIC MODEL FOR
	INFORMATION STORAGE AND ORGANIZATION
	IN THE BRAIN},
	%booktitle = {booktitle},
	year = {1958},
	pages = {386-408},
	bibsource = {http://citeseerx.ist.psu.edu/viewdoc/download?doi=10.1.1.335.3398&rep=rep1&type=pdf}
}
@article{VisualizingandUnderstandingConvolutionalNetworks,
	author = {Matthew D Zeiler, Rob Fergus},
	title = {Visualizing and Understanding Convolutional Networks},
	%booktitle = {booktitle},
	year = {2013},
	%pages = {1-17},
	bibsource = {https://arxiv.org/abs/1311.2901v3}
}

@article{Gradient-BasedLearning,
	author = {Yann Lecun},
	title = {Gradient-Based  Learning  Appliedto  Document  Recognition},
	%booktitle = {booktitle},
	year = {1998},
	pages = {2278-2324},
	bibsource = {https://sci-hub.tw/https://ieeexplore.ieee.org/document/726791}
}

@article{GoingDeeperwithConvolutions,
	author = {Christian Szegedy},
	title = {Going Deeper with Convolutions},
	%booktitle = {booktitle},
	year = {2015},
	pages = {1-9},
	bibsource = {https://sci-hub.tw/10.1109/cvpr.2015.7298594}
}




@article{ImageNet,
	author = {Alex Krizhevsky},
	title = {ImageNet Classification with Deep Convolutional Neural Networks},
	year = {2017},
	%pages = {84-90},
	bibsource = {https://dl.acm.org/doi/pdf/10.1145/3065386}
}


@online{Wikipedia,
	%author = {Mooresches Gesetz},
	title = {Mooresches Gesetz},
	%booktitle = {Mooresches Gesetz},
	%year = {26.06.2017},
	%pages = {1-17},
	bibsource = {https://de.wikipedia.org/wiki/Mooresches_Gesetz}
}









